@Article{Faivre,
	author = {Julien Faivre},
	title = {Development of a pattern classification method to improve signal selection and cuts optimization},
	journal = {},
	year = {2005}
}

@Article{Saeid,
	author = {Saeid Sanei and Jonathon Chambers},
	title = {EEG signal Processing},
	journal = {},
	year = {2009}
}

@Article{Lotte,
	author = {Fabien Lotte},
	title = {A Tutorial on EEG Signal Processing Techniques for Mental State Recognition in Brain-Computer Interfaces},
	journal = {Guide to Brain-Computer Music Interfacing},
	year = {2014},
}


@MastersThesis{StAmand,
	author = {Olivier St-Amand},
	title = {Technique de traitement de signal appliquées aux essais individuels en potentiel évoqué},
	school = {Université de Sherbrooke},
	year = {2006},
}

@Article{mcGill,
	author = {http://lecerveau.mcgill.ca/},
	title = {Le cerveau à tous les niveaux},
	journal = {},
	year = {}
}

@Article{biopac,
	author = {Biopac},
	title = {Data sheet CAP100C},
	journal = {},
	year = {}
}

@Article{grass,
	author = {http://www.grasstechnologies.com/products/ampsystems/15lt.html},
	title = {Data sheet Grass 15LT},
	journal = {},
	year = {}
}

@Article{epoc,
	author = {EMOTIV},
	title = {Emotiv EPOC specifications},
	journal = {},
	year = {2014}
}

@Article{ICA,
	author = {Jonathon Shlens},
	title = {A Tutorial on Independent Component Analysis},
	journal = {},
	year = {2014}
}

@Article{PCA,
	author = {Jonathon Shlens},
	title = {A Tutorial on Principal Component Analysis},
	journal = {},
	year = {2014}
}

@Article{PCA2,
	author = {Aly A. Farag, Shireen Elhabian},
	title = {A Tutorial on Principal Component Analysis},
	journal = {},
	year = {2014}
}

@Article{CSP,
	author = {Yijun Wang, Shangkai Gao},
	title = {Common Spatial Pattern Method for Channel Selection in Motor Imagery Based BCI},
	journal = {},
	year = {2005}
}

@Article{feature,
	author = {ABDUL-BARY RAOUF SULEIMAN, TOKA ABDUL-HAMEED FATEHI},
	title = {FEATURES EXTRACTION TECHNIQES OF EEG SIGNAL FOR BCI APPLICATIONS},
	journal = {},
	year = {2010}
}

@Article{SSVEP,
	author = {Danhua Zhu, Jordi Bieger},
	title = {A Survey of Stimulation Methods Used in SSVEP-Based BCIs},
	journal = {},
	year = {2010}
}

@Article{p300,
	author = {Reza Fazel-Rezai},
	title = {P300 based speller BCI},
	journal = {},
	year = {2011}
}

@Article{oscillatory,
	author = {J.Dolezal, J.Stastny and P.Sovka},
	title = {Modelling and Recognition of Movment Related EEG Signal},
	journal = {},
	year = {2006}
}

@Article{motor,
	author = {GERT PFURTSCHELLER AND CHRISTA NEUPER},
	title = {Motor Imagery and Direct Brain–Computer Communication},
	journal = {},
	year = {2006}
}


